Een artikel uit een tijdschrift:
@article{Schrodinger:1926,
	author  = {Erwin Schr\"odinger},
	title   = {An Undulatory Theory fo the Mechanics of Atoms and Molecules},
	journal = {Physical Review},
	year    = {1926},
  
	volume  = {28},
	number  = {6},
	pages   = {1049--1070},
	month   = {dec}
}

Een heel boek:
author of editor
@book{Griffiths:2008,
	author    = {David J. Griffiths},
	title     = {Introduction to Electrodynamics},
	publisher = {Benjamin Cummings},
	year      = {2008},

  volume    = {},
  series    = {},
	address   = {San Francisco},
	edition   = {3},
  month     = {}
}

Pagina's of hoofdstukken uit een boek:
author of editor
@book{Kuhn:2004,
  author    = {Kuhn, K.F. and Koupelis, T.},
  title     = {In quest of the universe},
  chapter   = {4},%FIXME of pages
  publisher = {Jones and Bartlett Publishers},
  year      = {2004},

  volume    = {},
  series    = {},
  address   = {},
  edition   = {},
  month     = {},
  isbn      = {9780763708108},
  url       = {http://books.google.nl/books?id=A7wxTqCBFCEC},
}

Een webpagina, eventueel met auteur en titel:
@electronic{Wikipedia:Electronmass,
	url    = {http://en.wikipedia.org/wiki/Electron_rest_mass},
  
	author = {Wikipedia},
	title  = {Electron rest mass},
}

