@book{Griffiths:2008,
	author    = {David J. Griffiths},
	title     = {Introduction to Electrodynamics},
	publisher = {Benjamin Cummings},
	address   = {San Francisco},
	edition   = {3},
	year      = {2008},
}

@inbook{Kuhn:2004,
  author    = {Kuhn, K.F. and Koupelis, T.},
  title     = {In quest of the universe},
  publisher = {Jones and Bartlett Publishers},
  adress    = {Sudbury, Massachusetts},
  year      = {2004},
  chapter   = {4},
}

@article{Schrodinger:1926,
	author  = {Erwin Schr\"odinger},
	title   = {An Undulatory Theory of the Mechanics of Atoms and Molecules},
	journal = {Physical Review},
	year    = {1926},
	volume  = {28},
	number  = {6},
	pages   = {1049--1070},
	month   = {dec}
}

@electronic{Wikipedia:Electronmass,
	author = {Wikipedia},
	title  = {Electron rest mass},
	url    = {http://en.wikipedia.org/wiki/Electron_rest_mass},
}
