@book{Griffiths:2008,
  author    = {David J. Griffiths},
  title     = {Introduction to Electrodynamics},
  publisher = {Benjamin Cummings},
  address   = {San Francisco},
  edition   = {3},
  year      = {2008},
}
