@inbook{Kuhn:2004,
  author    = {Kuhn, K.F. and Koupelis, T.},
  title     = {In quest of the universe},
  publisher = {Jones and Bartlett},
  adress    = {Sudbury, Massachusetts},
  year      = {2004},
  chapter   = {4},
}
