@article{Schrodinger:1926,
  author  = {Erwin Schr√∂dinger},
  title   = {An Undulatory Theory of the Mechanics
             of Atoms and Molecules},
  journal = {Physical Review},
  year    = {1926},
  volume  = {28},
  number  = {6},
  pages   = {1049--1070},
  month   = {dec},
}
