@electronic{Wikipedia:Electronmass,
  author = {Wikipedia},
  title  = {Electron rest mass},
  url    = {http://en.wikipedia.org/wiki/Electron_rest_mass},
}
