@book{Fewster:2003,
  author    = {P.F. Fewster},
  title     = {X-ray Scattering from Semiconductors},
  publisher = {Imperial College Press},
  year      = 2003
}

@inbook{Brehm:1989,
  author    = {J.J. Brehm and W.J. Mullin},
  title     = {Introduction to the Structure of Matter},
  publisher = {Wiley},
  year      = 1989,
  pages     = 167
}

@book{Grunbaum:1990,
  author    = {B. Gr√ºnbaum and G.C. Shephard},
  title     = {Tilings and Patterns},
  publisher = {Dover Publications},
  year      = 1990,
}

