@article{globus,
  author    = {Unknown},
  title     = {Overview of results obtained at the Globus-M spherical tokamak},
  publisher = {IOP Publishing},
  journal   = {Nuclear Fusion},
  volume    = 49,
  year      = 2009,
}
@electronic{ioffe,
  url = {http://www.ioffe.ru}
}
@electronic{iter,
  url = {http://www.iter.org}
}
@electronic{plasma,
  url = {http://www.plasma.inpe.br}
}
@electronic{fusion,
  url = {http://www.fusion.org.uk}
}
@electronic{thomson,
  url = {http://en.wikipedia.org/wiki/Plasma_diagnostics\#Thomson_scattering}
}
@electronic{mast,
  url = {http://www.fusion.org.uk/mast/index.html}
}
@electronic{jet,
  url = {http://www.fusion.org.uk/culham/jet.html}
}
@electronic{tokamak,
  url = {http://en.wikipedia.org/wiki/Tokamak}
}
@electronic{pths,
  url = {http://www.school.ioffe.ru/readings/pths_about_en.html}
}
@electronic{nbi,
  url = {http://www.ipp.mpg.de/ippcms/eng/for/bereiche/technologie/projekte/nbi.html}
}
